@book{sato1999levy,
  title={L{\'e}vy processes and infinitely divisible distributions},
  author={Sato, Ken-iti and Ken-Iti, Sato},
  year={1999},
  publisher={Cambridge University Press}
}

@inproceedings{jacod2005approximate,
  title={The approximate Euler method for L{\'e}vy driven stochastic differential equations},
  author={Jacod, Jean and Kurtz, Thomas G and M{\'e}l{\'e}ard, Sylvie and Protter, Philip},
  booktitle={Annales de l'IHP Probabilit{\'e}s et statistiques},
  volume={41},
  number={3},
  pages={523--558},
  year={2005}
}

@article{corcuera2011efficient,
  title={Efficient pricing of contingent convertibles under smile conform models},
  author={Corcuera, Jos{\'e} Manuel and De Spiegeleer, Jan and Ferreiro-Castilla, Albert and Kyprianou, Andreas E and Madan, Dilip B and Schoutens, Wim},
  journal={Available at SSRN 1954671},
  year={2011}
}

@article{dereich2011multilevel,
  title={A multilevel Monte Carlo algorithm for L{\'e}vy-driven stochastic differential equations},
  author={Dereich, Steffen and Heidenreich, Felix},
  journal={Stochastic Processes and their Applications},
  volume={121},
  number={7},
  pages={1565--1587},
  year={2011},
  publisher={Elsevier}
}

@book{choe2016stochastic,
  title={Stochastic analysis for finance with simulations},
  author={Choe, Geon Ho},
  year={2016},
  publisher={Springer}
}


@article{tappe2019integral,
  title={The It\^o integral with respect to an infinite dimensional L{\'e}vy process: A series approach},
  author={Tappe, Stefan},
  journal={arXiv preprint arXiv:1907.01450},
  year={2019}
}

@book{tankov2003financial,
  title={Financial modelling with jump processes},
  author={Tankov, Peter},
  year={2003},
  publisher={Chapman and Hall/CRC}
}

@article{levy1934integrales,
  title={Sur les int{\'e}grales dont les {\'e}l{\'e}ments sont des variables al{\'e}atoires  ind{\'e}pendantes},
  author={L{\'e}vy, Paul},
  journal={Annali della Scuola Normale Superiore di Pisa-Classe \break di Scienze},
  volume={3},
  number={3-4},
  pages={337--366},
  year={1934}
}

@article{protter1997euler,
  title={The Euler scheme for L{\'e}vy driven stochastic differential equations},
  author={Protter, Philip and Talay, Denis},
  journal={The Annals of Probability},
  volume={25},
  number={1},
  pages={393--423},
  year={1997},
  publisher={Institute of Mathematical Statistics}
}

@phdthesis{gegler2011statistical,
  title={Statistical analysis of L{\'e}vy processes with application in finance},
  author={Gegler, Achim},
  year={2011},
  school={Universit{\"a}t Ulm}
}

@incollection{protter2005stochastic,
  title={Stochastic differential equations},
  author={Protter, Philip E},
  booktitle={Stochastic integration and differential equations},
  year={2005},
  publisher={Springer}
}

@book{barndorff2012basics,
  title={Basics of L{\'e}vy processes},
  author={Barndorff-Nielsen, Ole E and Shephard, Neil},
  year={2012},
  publisher={University of Oxford, Department of Economics}
}

@book{applebaum2009levy,
  title={L{\'e}vy processes and stochastic calculus},
  author={Applebaum, David},
  year={2009},
  publisher={Cambridge University Press}
}

@book{rong2005theory,
  title={Theory of Stochastic Differential Equations with Jumps and Applications: Mathematical and Analytical Techniques with Applications to Engineering},
  author={Rong, Situ},
  year={2005},
  publisher={Springer New York}
}

@article{ferreiro2016euler,
  title={An Euler--Poisson scheme for L{\'e}vy driven stochastic differential equations},
  author={Ferreiro-Castilla, Albert and Kyprianou, Andreas E and Scheichl, Robert},
  journal={Journal of Applied Probability},
  volume={53},
  number={1},
  pages={262--278},
  year={2016},
  publisher={Cambridge University Press}
}

@article{fisher1929tests,
  title={Tests of significance in harmonic analysis},
  author={Fisher, Ronald Aylmer},
  journal={Proceedings of the Royal Society of London. Series A, Containing Papers of a Mathematical and Physical Character},
  volume={125},
  number={796},
  pages={54--59},
  year={1929},
  publisher={The Royal Society London}
}
@inproceedings{mauldon1951random,
  title={Random division of an interval},
  author={Mauldon, JG},
  booktitle={Mathematical Proceedings of the Cambridge Philosophical Society},
  volume={47},
  number={2},
  pages={331--336},
  year={1951},
  organization={Cambridge University Press}
}

@article{stegun1970handbook,
  title={Handbook of Mathematical Functions with Formulas},
  author={Stegun, Irene A and Abramowitz, Milton},
  journal={Graphs and Mathematical Tables},
  year={1970}
}

@article{kuznetsov2010wiener,
  title={Wiener--Hopf factorization and distribution of extrema for a family of L{\'e}vy processes},
  author={Kuznetsov, Alexey},
  journal={The Annals of Applied Probability},
  volume={20},
  number={5},
  pages={1801--1830},
  year={2010},
  publisher={Institute of Mathematical Statistics}
}

@article{kuznetsov2011wiener,
  title={A Wiener--Hopf Monte Carlo simulation technique for L{\'e}vy processes},
  author={Kuznetsov, Alexey and Kyprianou, Andreas E and Pardo, Juan C and van Schaik, Kees },
  journal={The Annals of Applied Probability},
  volume={21},
  number={6},
  pages={2171--2190},
  year={2011},
  publisher={Institute of Mathematical Statistics}
}

@article{kuznetsov2012meromorphic,
  title={Meromorphic L{\'e}vy processes and their fluctuation identities},
  author={Kuznetsov, Alexey and Kyprianou, Andreas E and Pardo, Juan C},
  journal={The Annals of Applied Probability},
  volume={22},
  number={3},
  pages={1101--1135},
  year={2012},
  publisher={Institute of Mathematical Statistics}
}

@article{ferreiro2015applying,
  title={Applying the Wiener-Hopf Monte Carlo simulation technique for L{\'e}vy processes to path functionals},
  author={Ferreiro-Castilla, Albert and Van Schaik, Kees},
  journal={Journal of Applied Probability},
  volume={52},
  number={1},
  pages={129--148},
  year={2015},
  publisher={Cambridge University Press}
}

@article{ferreiro2014multilevel,
  title={Multilevel Monte Carlo simulation for L{\'e}vy processes based on the Wiener--Hopf factorisation},
  author={Ferreiro-Castilla, Albert and Kyprianou, Andreas E and Scheichl, Robert and Suryanarayana, Gowri},
  journal={Stochastic Processes and their Applications},
  volume={124},
  number={2},
  pages={985--1010},
  year={2014},
  publisher={Elsevier}
}

@article{schoutens2011beta,
  title={The $\beta$-variance gamma model},
  author={Schoutens, Wim and Van Damme, Geert},
  journal={Review of Derivatives Research},
  volume={14},
  number={3},
  pages={263--282},
  year={2011},
  publisher={Springer}
}

@article{ferreiro2012beta,
  title={The $\beta$-Meixner model},
  author={Ferreiro-Castilla, Albert and Schoutens, Wim},
  journal={Journal of Computational and Applied Mathematics},
  volume={236},
  number={9},
  pages={2466--2476},
  year={2012},
  publisher={Elsevier}
}

@article{kallsen2006characterization,
  title={Characterization of dependence of multidimensional L{\'e}vy processes using L{\'e}vy copulas},
  author={Kallsen, Jan and Tankov, Peter},
  journal={Journal of Multivariate Analysis},
  volume={97},
  number={7},
  pages={1551--1572},
  year={2006},
  publisher={Elsevier}
}

https://arxiv.org/pdf/1708.04356.pdf

@article{carr1998randomization,
  title={Randomization and the American put},
  author={Carr, Peter},
  journal={The Review of Financial Studies},
  volume={11},
  number={3},
  pages={597--626},
  year={1998},
  publisher={Oxford University Press}
}

@article{matache2005wavelet,
  title={Wavelet Galerkin pricing of American options on L{\'e}vy driven assets},
  author={Matache, A-M and Nitsche, P-A and Schwab, Christoph},
  journal={Quantitative Finance},
  volume={5},
  number={4},
  pages={403--424},
  year={2005},
  publisher={Taylor \& Francis}
}

@book{doob1953stochastic,
  title={Stochastic processes},
  author={Doob, Joseph Leo},
  volume={101},
  year={1953},
  publisher={New York Wiley}
}

@article{black1973pricing,
  title={The pricing of options and corporate liabilities},
  author={Black, Fischer and Scholes, Myron},
  journal={Journal of political economy},
  volume={81},
  number={3},
  pages={637--654},
  year={1973},
  publisher={The University of Chicago Press}
}

@article{rubenthaler2003numerical,
  title={Numerical simulation of the solution of a stochastic differential equation driven by a L{\'e}vy process},
  author={Rubenthaler, Sylvain},
  journal={Stochastic processes and their applications},
  volume={103},
  number={2},
  pages={311--349},
  year={2003},
  publisher={Elsevier}
}

@article{asmussen2001approximations,
  title={Approximations of small jumps of L{\'e}vy processes with a view towards simulation},
  author={Asmussen, S{\o}ren and Rosi{\'n}ski, Jan},
  journal={Journal of Applied Probability},
  volume={38},
  number={2},
  pages={482--493},
  year={2001},
  publisher={Cambridge University Press}
}

@incollection{xia2012multilevel,
  title={Multilevel path simulation for jump-diffusion SDEs},
  author={Xia, Yuan and Giles, Michael B},
  booktitle={Monte Carlo and Quasi-Monte Carlo Methods 2010},
  pages={695--708},
  year={2012},
  publisher={Springer}
}

@article{giles2008multilevel,
  title={Multilevel monte carlo path simulation},
  author={Giles, Michael B},
  journal={Operations Research},
  volume={56},
  number={3},
  pages={607--617},
  year={2008},
  publisher={INFORMS}
}

@article{dereich2011multilevel,
  title={Multilevel Monte Carlo algorithms for L{\'e}vy-driven SDEs with Gaussian correction},
  author={Dereich, Steffen and others},
  journal={The Annals of Applied Probability},
  volume={21},
  number={1},
  pages={283--311},
  year={2011},
  publisher={Institute of Mathematical Statistics}
}

@article{merton1974pricing,
  title={On the pricing of corporate debt: The risk structure of interest rates},
  author={Merton, Robert C},
  journal={The Journal of finance},
  volume={29},
  number={2},
  pages={449--470},
  year={1974},
  publisher={Wiley Online Library}
}

@article{chan1999pricing,
  title={Pricing contingent claims on stocks driven by L{\'e}vy processes},
  author={Chan, Terence},
  journal={Annals of Applied Probability},
  pages={504--528},
  year={1999},
  publisher={JSTOR}
}

@inproceedings{feller1951diffusion,
  title={Diffusion processes in genetics},
  author={Feller, William},
  booktitle={Proceedings of the second Berkeley symposium on mathematical statistics and probability},
  year={1951},
  organization={The Regents of the University of California}
}

@book{kloeden2013numerical,
  title={Numerical solution of stochastic differential equations},
  author={Kloeden, Peter E and Platen, Eckhard},
  volume={23},
  year={2013},
  publisher={Springer Science \& Business Media}
}

@article{jum2015numerical,
  title={Numerical Approximation of Stochastic Differential Equations Driven by Levy Motion with Infinitely Many Jumps},
  author={Jum, Ernest},
  year={2015}
}

@book{glasserman2013monte,
  title={Monte Carlo methods in financial engineering},
  author={Glasserman, Paul},
  volume={53},
  year={2013},
  publisher={Springer Science \& Business Media}
}

@book{barndorff2012levy,
  title={L{\'e}vy processes: theory and applications},
  author={Barndorff-Nielsen, Ole E and Mikosch, Thomas and Resnick, Sidney I},
  year={2012},
  publisher={Springer Science \& Business Media}
}

@article{carr2002fine,
  title={The fine structure of asset returns: An empirical investigation},
  author={Carr, Peter and Geman, H\'elyette and Madan, Dilip B and Yor, Marc},
  journal={The Journal of Business},
  volume={75},
  number={2},
  pages={305--332},
  year={2002},
  publisher={JSTOR}
}

@article{koponen1995analytic,
  title={Analytic approach to the problem of convergence of truncated L{\'e}vy flights towards the Gaussian stochastic process},
  author={Koponen, Ismo},
  journal={Physical Review E},
  volume={52},
  number={1},
  pages={1197},
  year={1995},
  publisher={APS}
}

% infinitessimal generator  --> https://math.stackexchange.com/questions/694227/what-is-the-importance-of-the-infinitesimal-generator-of-brownian-motion